<?xml version="1.0" encoding="UTF-8"?><collection xmlns="http://www.loc.gov/MARC21/slim"><record><leader>00435nam--2200145-i-4500</leader><controlfield tag="001">000011216</controlfield><controlfield tag="002">20161230</controlfield><controlfield tag="005">20161230201029</controlfield><controlfield tag="008">060222s1000------------r-----000-0-eng-d</controlfield><datafield ind1=" " ind2=" " tag="080"><subfield code="a">512.83:519.283:62-52</subfield></datafield><datafield ind1=" " ind2=" " tag="100"><subfield code="a">Barnett, Stephen</subfield></datafield><datafield ind1=" " ind2=" " tag="245"><subfield code="a">Matries in control theory with applicatins to linear programming</subfield></datafield><datafield ind1=" " ind2=" " tag="260"><subfield code="a">London, Van Nostrand Reinhold Company, 1971 221 P</subfield></datafield><datafield ind1=" " ind2=" " tag="852"><subfield code="a">41672</subfield><subfield code="c">512.831</subfield></datafield><datafield ind1=" " ind2=" " tag="CAT"><subfield code="a">Sys</subfield><subfield code="c">20080522</subfield><subfield code="h">131046</subfield></datafield></record></collection>